Automatically generated by Mendeley Desktop 1.17.11
Any changes to this file will be lost if it is regenerated by Mendeley.

BibTeX export options can be customized via Preferences -> BibTeX in Mendeley Desktop

@article{Adler2002,
author = {Adler, Daniel},
file = {:Users/Ty/Documents/Mendeley Desktop/Adler{\_}2002{\_}Interactive visualization of multi-dimensional data in R using OpenGL.pdf:pdf},
journal = {Environment},
title = {{Interactive visualization of multi-dimensional data in R using OpenGL}},
year = {2002}
}
@article{Zucchini2012,
author = {Zucchini, Walter and Adler, Daniel and Nenadi, Oleg},
file = {:Users/Ty/Documents/Mendeley Desktop/Zucchini, Adler, Nenadi{\_}2012{\_}RGL A R-library for 3D visualization with OpenGL The RGL – package.pdf:pdf},
journal = {R Package Documentation},
keywords = {3d graphics,graphical techniques,interactive visualization,opengl,r,real-,time rendering},
pages = {1--11},
title = {{RGL : A R-library for 3D visualization with OpenGL The RGL – package}},
year = {2012}
}
@incollection{PhysicsDepartment,
author = {{Physics Department}, MIT},
booktitle = {Area},
file = {:Users/Ty/Documents/Mendeley Desktop/Physics Department{\_}Unknown{\_}Review B Coordinate Systems.pdf:pdf},
pages = {1--14},
title = {{Review B: Coordinate Systems}}
}
@phdthesis{Bull2011,
author = {Bull, H.},
file = {:Users/Ty/Documents/Mendeley Desktop/Bull{\_}2011{\_}The analemma dilemma solving visualization issues in astronomy using 3D graphics.pdf:pdf},
pages = {1--31},
title = {{The analemma dilemma solving visualization issues in astronomy using 3D graphics}},
year = {2011}
}
@misc{Murdoch1995,
author = {Murdoch, Timothy},
booktitle = {The College Mathematics Journal},
doi = {10.2307/2687385},
issn = {07468342},
month = {nov},
number = {5},
pages = {385},
title = {{Spherical Coordinates from Cylindrical Coordinates on a Torus}},
url = {http://www.jstor.org/stable/2687385?origin=crossref},
volume = {26},
year = {1995}
}
