Automatically generated by Mendeley Desktop 1.17.6
Any changes to this file will be lost if it is regenerated by Mendeley.

BibTeX export options can be customized via Preferences -> BibTeX in Mendeley Desktop

@article{More1980,
author = {Mor{\'{e}}, JJ and Garbow, BS},
file = {:Users/Ty/Documents/Mendeley Desktop/Mor{\'{e}}, Garbow{\_}1980{\_}User guide for Final Cut Pro.pdf:pdf},
journal = {Text},
title = {{User guide for Final Cut Pro}},
url = {http://cdsweb.cern.ch/record/126569},
year = {1980}
}
