Automatically generated by Mendeley Desktop 1.17.6
Any changes to this file will be lost if it is regenerated by Mendeley.

BibTeX export options can be customized via Preferences -> BibTeX in Mendeley Desktop

@article{Miyoshi2009,
author = {Miyoshi, Yasunobu and Fujiwara, Hitoshi and Forbes, Jeffrey M. and Bruinsma, Sean L.},
doi = {10.1029/2009JA014110},
file = {:Users/Ty/Documents/Mendeley Desktop/Miyoshi et al.{\_}2009{\_}Solar terminator wave and its relation to the atmospheric tide.pdf:pdf},
issn = {0148-0227},
journal = {Journal of Geophysical Research},
keywords = {http://dx.doi.org/10.1029/2009JA014110, doi:10.102},
month = {jul},
number = {A7},
pages = {1--14},
title = {{Solar terminator wave and its relation to the atmospheric tide}},
url = {http://www.agu.org/pubs/crossref/2009/2009JA014110.shtml},
volume = {114},
year = {2009}
}
@article{Liu2009b,
author = {Liu, Huixin and L{\"{u}}hr, Hermann and Watanabe, Shigeto},
doi = {10.1029/2009GL038165},
file = {:Users/Ty/Documents/Mendeley Desktop/Liu, L{\"{u}}hr, Watanabe{\_}2009{\_}A solar terminator wave in thermospheric wind and density simultaneously observed by CHAMP(2).pdf:pdf;:Users/Ty/Documents/Mendeley Desktop/Liu, L{\"{u}}hr, Watanabe{\_}2009{\_}A solar terminator wave in thermospheric wind and density simultaneously observed by CHAMP.pdf:pdf},
issn = {0094-8276},
journal = {Geophysical Research Letters},
keywords = {doi:10.102,http://dx.doi.org/10.1029/2009GL038165},
month = {may},
number = {10},
pages = {1--5},
title = {{A solar terminator wave in thermospheric wind and density simultaneously observed by CHAMP}},
url = {http://www.agu.org/pubs/crossref/2009/2009GL038165.shtml},
volume = {36},
year = {2009}
}
@article{Queiros-Conde2008,
author = {Queiros-Conde, Diogo},
doi = {10.1016/j.physa.2008.02.005},
file = {:Users/Ty/Documents/Mendeley Desktop/Queiros-Conde{\_}2008{\_}Parabolic drift towards homogeneity in large-scale structures of galaxies.pdf:pdf},
issn = {03784371},
journal = {Physica A: Statistical Mechanics and its Applications},
keywords = {entropic-skins geometry,large-scale structures of galaxies,parabolic scaling,scale-entropy diffusion equation},
month = {jun},
number = {14},
pages = {3641--3646},
title = {{Parabolic drift towards homogeneity in large-scale structures of galaxies}},
url = {http://linkinghub.elsevier.com/retrieve/pii/S0378437108001623},
volume = {387},
year = {2008}
}
@article{E.L.AfraimovichI.K.EdemskiyA.S.LeonovichL.A.LeonovichS.V.Voeykov2009,
author = {{E. L. Afraimovich, I. K. Edemskiy, A. S. Leonovich, L. A. Leonovich, S. V. Voeykov}, and Y. V. Yasyukevich},
doi = {10.1029/2009GL039803},
file = {:Users/Ty/Documents/Mendeley Desktop/E. L. Afraimovich, I. K. Edemskiy, A. S. Leonovich, L. A. Leonovich, S. V. Voeykov{\_}2009{\_}MHD nature of night‐time MSTIDs excited by the.pdf:pdf},
journal = {Geophysical {\ldots}},
keywords = {doi:10.102,http://dx.doi.org/10.1029/2009GL039803},
pages = {1--5},
title = {{MHD nature of night‐time MSTIDs excited by the solar terminator}},
url = {http://www.agu.org/pubs/crossref/2009/2009GL039803.shtml http://onlinelibrary.wiley.com/doi/10.1029/2009GL039803/full},
volume = {36},
year = {2009}
}
@article{Forsythe1995c,
author = {Forsythe, William C and Rykiel, Edward J and Stahl, Randal S and Wu, Hsin-i and Schoolfield, Robert M},
file = {:Users/Ty/Documents/Mendeley Desktop/Forsythe et al.{\_}1995{\_}A model comparison for daylength as a function of latitude and day of year(2).pdf:pdf},
journal = {Ecological Modelling},
keywords = {daylength,model comparison},
pages = {87--95},
title = {{A model comparison for daylength as a function of latitude and day of year}},
volume = {80},
year = {1995}
}
@article{Hijmans2012,
author = {Hijmans, Robert J},
file = {:Users/Ty/Documents/Mendeley Desktop/Hijmans{\_}2012{\_}Introduction to the ” geosphere ” package ( Version 1 . 2-28 ).pdf:pdf},
journal = {CRAN package},
pages = {1--19},
title = {{Introduction to the ” geosphere ” package ( Version 1 . 2-28 )}},
year = {2012}
}
@article{Nikolov1992,
author = {Nikolov, N.T. and Zeller, K.F.},
doi = {10.1016/0304-3800(92)90015-7},
file = {:Users/Ty/Documents/Mendeley Desktop/Nikolov, Zeller{\_}1992{\_}A solar radiation algorithm for ecosystem dynamic models.pdf:pdf},
issn = {03043800},
journal = {Ecological Modelling},
month = {jun},
pages = {149--168},
title = {{A solar radiation algorithm for ecosystem dynamic models}},
url = {http://linkinghub.elsevier.com/retrieve/pii/0304380092900157},
volume = {61},
year = {1992}
}
@article{Adler-Golden1993,
author = {Adler-Golden, SM and Matthew, M.W.},
file = {:Users/Ty/Documents/Mendeley Desktop/Adler-Golden, Matthew{\_}1993{\_}SHARC-3 Calculations of Atmospheric IR Radiance in the Solar Terminator Region.pdf:pdf},
title = {{SHARC-3 Calculations of Atmospheric IR Radiance in the Solar Terminator Region}},
url = {http://oai.dtic.mil/oai/oai?verb=getRecord{\&}metadataPrefix=html{\&}identifier=ADA285854},
year = {1993}
}
@article{Brock1981,
abstract = {Several approaches are presented which permit calculation by computer or hand calculator of solar radiation for any place on Earth. Some of the approaches require input of certain measured data for the location of interest, but others permit an approximation even without actual data. Calculation of solar radiation is especially useful in aquatic ecology studies on primary production, and may also be useful in ecological modeling work when solar radiation is being used as an independent variable.},
author = {Brock, T.D.},
doi = {10.1016/0304-3800(81)90011-9},
file = {:Users/Ty/Documents/Mendeley Desktop/Brock{\_}1981{\_}Calculating solar radiation for ecological studies.pdf:pdf},
isbn = {0304-3800},
issn = {03043800},
journal = {Ecological Modelling},
pages = {1--19},
pmid = {1507},
title = {{Calculating solar radiation for ecological studies}},
url = {http://www.sciencedirect.com/science/article/pii/0304380081900119},
volume = {14},
year = {1981}
}
@article{Forbes2008,
author = {Forbes, Jeffrey M. and Bruinsma, Sean L. and Miyoshi, Yasunobu and Fujiwara, Hitoshi},
doi = {10.1029/2008GL034075},
file = {:Users/Ty/Documents/Mendeley Desktop/Forbes et al.{\_}2008{\_}A solar terminator wave in thermosphere neutral densities measured by the CHAMP satellite.pdf:pdf},
issn = {0094-8276},
journal = {Geophysical Research Letters},
keywords = {http://dx.doi.org/10.1029/2008GL034075, doi:10.102},
month = {jul},
number = {14},
pages = {2--5},
title = {{A solar terminator wave in thermosphere neutral densities measured by the CHAMP satellite}},
url = {http://www.agu.org/pubs/crossref/2008/2008GL034075.shtml},
volume = {35},
year = {2008}
}
@article{Cheng1995,
author = {Cheng, C Z},
file = {:Users/Ty/Documents/Mendeley Desktop/Cheng{\_}1995{\_}Three-dimensional magnetospheric equilibrium with isotropic U (• b , V ' is periodic in ct , Iv J . V • - V-.pdf:pdf},
journal = {Geophysical research letters},
number = {17},
pages = {2401--2404},
title = {{Three-dimensional magnetospheric equilibrium with isotropic U (• b , V ' is periodic in ct , Iv : J . V • - V- [( V •. V •) V • - ( V •)" V •] B •}},
url = {http://192.102.233.13/journals/gl/v022/i017/95GL02308/95GL02308.pdf http://onlinelibrary.wiley.com/doi/10.1029/95GL02308/full},
volume = {22},
year = {1995}
}
